<record xmlns="http://www.loc.gov/MARC21/slim" xmlns:xsi="http://www.w3.org/2001/XMLSchema-instance" xsi:schemaLocation="http://www.loc.gov/MARC21/slim http://www.loc.gov/standards/marcxml/schema/MARC21slim.xsd"><leader>     nam a22        4500</leader><controlfield tag="001">3071370</controlfield><controlfield tag="003">NNC</controlfield><controlfield tag="006">m        d        </controlfield><controlfield tag="007">cr cn |||m|||a</controlfield><controlfield tag="008">150313s1955    ua      o     000 0 arard</controlfield><datafield ind1=" " ind2=" " tag="040"><subfield code="a">NNU</subfield><subfield code="b">eng</subfield><subfield code="c">NNU</subfield></datafield><datafield ind1=" " ind2="4" tag="050"><subfield code="a">PJ8078</subfield><subfield code="b">.L12</subfield></datafield><datafield ind1="1" ind2=" " tag="100"><subfield code="a">Labaki&#772;, S&#803;ala&#772;h&#803;,</subfield><subfield code="d">1906-1955.</subfield></datafield><datafield ind1="1" ind2="3" tag="245"><subfield code="a">al-Tayya&#772;ra&#772;t al-adabi&#772;yah al-h&#803;adi&#772;thah fi&#772; Lubna&#772;n</subfield><subfield code="h">[electronic resource] :</subfield><subfield code="b">al-juz&#700; 1. Lubna&#772;n al-sha&#772;&#699;ir /</subfield><subfield code="c">muh&#803;a&#772;d&#803;ara&#772;t alqa&#772;ha&#772; &#699;ala&#769; t&#803;alabat Qism al-Dira&#772;sa&#772;t al-Adabi&#772;yah wa-al-Lughawi&#772;yah, 1954.</subfield></datafield><datafield ind1=" " ind2=" " tag="260"><subfield code="a">[Cairo] :</subfield><subfield code="b">Ja&#772;mi&#699;at al-Duwal al-&#699;Arabi&#772;yah ; Ma&#699;had al-Dira&#772;sa&#772;t al-&#699;Arabi&#772;yah al-&#699;A&#772;li&#772;yah,</subfield><subfield code="c">1955.</subfield></datafield><datafield ind1=" " ind2=" " tag="300"><subfield code="a">online resource (221 p.)</subfield></datafield><datafield ind1=" " ind2=" " tag="500"><subfield code="a">Part of the Arabic Collections Online (ACO) project, contributed by Columbia University Libraries.</subfield></datafield><datafield ind1="1" ind2=" " tag="505"><subfield code="a">Lubna&#772;n al-sha&#772;&#699;ir.</subfield></datafield><datafield ind1=" " ind2=" " tag="533"><subfield code="a">Electronic reproduction.</subfield><subfield code="b">New York, N.Y. :</subfield><subfield code="c">New York University,</subfield><subfield code="d">2015.</subfield><subfield code="5">NNU</subfield></datafield><datafield ind1=" " ind2="0" tag="650"><subfield code="a">Arabic poetry</subfield><subfield code="z">Lebanon</subfield><subfield code="x">History and criticism.</subfield></datafield><datafield ind1=" " ind2="7" tag="650"><subfield code="a">Arabic poetry.</subfield><subfield code="2">fast</subfield><subfield code="0">(OCoLC)fst00812533</subfield></datafield><datafield ind1=" " ind2="7" tag="651"><subfield code="a">Lebanon.</subfield><subfield code="2">fast</subfield><subfield code="0">(OCoLC)fst01206063</subfield></datafield><datafield ind1=" " ind2="7" tag="655"><subfield code="a">Criticism, interpretation, etc.</subfield><subfield code="2">fast</subfield><subfield code="0">(OCoLC)fst01411635</subfield></datafield><datafield ind1="2" ind2=" " tag="710"><subfield code="a">Columbia University.</subfield><subfield code="b">Libraries.</subfield></datafield><datafield ind1="0" ind2=" " tag="730"><subfield code="a">Arabic Collections Online.</subfield></datafield><datafield ind1="0" ind2="8" tag="776"><subfield code="i">Print version:</subfield><subfield code="a">Labaki&#772;, S&#803;ala&#772;h&#803;, 1906-1955.</subfield><subfield code="t">al-Tayya&#772;ra&#772;t al-adabi&#772;yah al-h&#803;adi&#772;thah fi&#772; Lubna&#772;n</subfield><subfield code="w">(NNC)3071370</subfield><subfield code="w">(OCoLC)82009530</subfield></datafield><datafield ind1="4" ind2="0" tag="856"><subfield code="u">http://hdl.handle.net/2333.1/b2rbp24z</subfield></datafield><datafield ind1=" " ind2=" " tag="959"><subfield code="a">NNU</subfield><subfield code="b">WEB</subfield><subfield code="c">GENI</subfield><subfield code="t">0</subfield><subfield code="m">Electronic access</subfield><subfield code="s">01</subfield></datafield><datafield ind1=" " ind2=" " tag="999"><subfield code="i">NNC_3071370</subfield><subfield code="o">(OCoLC)ocm82009530 </subfield><subfield code="s">columbia_aco000579</subfield><subfield code="e">(ERROR-880)</subfield></datafield></record>